<record><leader>00000cas a22000007a 4500</leader><controlfield tag="001">22580211</controlfield><controlfield tag="008">901025u1923uuuumnuwn ne      0    0eng d</controlfield><datafield ind1=" " ind2=" " tag="010"><subfield code="a">sn 90060502 </subfield></datafield><datafield ind1=" " ind2=" " tag="040"><subfield code="a">MN#</subfield><subfield code="b">eng</subfield><subfield code="c">MN#</subfield><subfield code="d">OCLCQ</subfield><subfield code="d">OCLCO</subfield></datafield><datafield ind1=" " ind2=" " tag="042"><subfield code="a">msc</subfield></datafield><datafield ind1=" " ind2=" " tag="043"><subfield code="a">n-us-mn</subfield></datafield><datafield ind1=" " ind2=" " tag="052"><subfield code="a">4144</subfield><subfield code="b">D9</subfield></datafield><datafield ind1=" " ind2=" " tag="052"><subfield code="a">4143</subfield><subfield code="b">S2</subfield></datafield><datafield ind1="0" ind2=" " tag="130"><subfield code="a">Spectator (Duluth, Minn.)</subfield></datafield><datafield ind1="1" ind2="4" tag="245"><subfield code="a">The spectator.</subfield></datafield><datafield ind1=" " ind2=" " tag="260"><subfield code="a">Duluth, Minn. :</subfield><subfield code="b">Duluth Central High School</subfield></datafield><datafield ind1=" " ind2=" " tag="300"><subfield code="a">v.</subfield></datafield><datafield ind1=" " ind2=" " tag="310"><subfield code="a">Weekly (during school year),</subfield><subfield code="b">Oct. 1, 1925-&lt;May 24, 1929&gt;</subfield></datafield><datafield ind1=" " ind2=" " tag="321"><subfield code="a">Biweekly (During school year),</subfield><subfield code="b">Oct. 12, 1923-June 2, 1924&gt;</subfield></datafield><datafield ind1="1" ind2=" " tag="362"><subfield code="a">Began in 1923.</subfield></datafield><datafield ind1=" " ind2=" " tag="500"><subfield code="a">Unnumbered Booster issue published at beginning of school year, 1923-&lt;1928&gt;.</subfield></datafield><datafield ind1=" " ind2=" " tag="530"><subfield code="a">Available on microfilm from the Minnesota Historical Society.</subfield></datafield><datafield ind1=" " ind2=" " tag="588"><subfield code="a">Description based on: Vol. 2, no. 1 (Oct. 12, 1923).</subfield></datafield><datafield ind1="2" ind2="0" tag="610"><subfield code="a">Duluth Central High School (Duluth, Minn.)</subfield><subfield code="v">Periodicals.</subfield></datafield><datafield ind1=" " ind2="0" tag="650"><subfield code="a">High schools</subfield><subfield code="z">Minnesota</subfield><subfield code="z">Duluth</subfield><subfield code="v">Periodicals.</subfield></datafield><datafield ind1=" " ind2="0" tag="650"><subfield code="a">Schools</subfield><subfield code="z">Minnesota</subfield><subfield code="z">Duluth</subfield><subfield code="v">Periodicals.</subfield></datafield><datafield ind1="2" ind2=" " tag="710"><subfield code="a">Duluth Central High School (Duluth, Minn.)</subfield></datafield></record>